@article{Kohne2024,
    title = {{{\$}L{\^{}}{\textbackslash}infty{\$}-error bounds for approximations of the Koopman operator by kernel extended dynamic mode decomposition}},
    year = {2024},
    author = {K{\"{o}}hne, Frederik and Philipp, Friedrich M. and Schaller, Manuel and Schiela, Anton and Worthmann, Karl},
    month = {3},
    url = {http://arxiv.org/abs/2403.18809},
    arxivId = {2403.18809}
}

@article{Gebhard2019,
    title = {{The kernel Kalman rule: Efficient nonparametric inference by recursive least-squares and subspace projections}},
    year = {2019},
    journal = {Machine Learning},
    author = {Gebhardt, Gregor H.W. and Kupcsik, Andras and Neumann, Gerhard},
    number = {12},
    month = {12},
    pages = {2113--2157},
    volume = {108},
    publisher = {Springer New York LLC},
    doi = {10.1007/s10994-019-05816-z},
    issn = {15730565},
    keywords = {Kernel methods, Model learning, Nonparametric inference, State estimation}
}

@article{Zhou2019ASpaces,
    title = {{A class of optimal estimators for the covariance operator in reproducing kernel Hilbert spaces}},
    year = {2019},
    journal = {Journal of Multivariate Analysis},
    author = {Zhou, Yang and Chen, Di Rong and Huang, Wei},
    volume = {169},
    doi = {10.1016/j.jmva.2018.09.003},
    issn = {10957243}
}

@article{Williams2015ADecomposition,
    title = {{A Data–Driven Approximation of the Koopman Operator: Extending Dynamic Mode Decomposition}},
    year = {2015},
    journal = {Journal of Nonlinear Science},
    author = {Williams, Matthew O and Kevrekidis, Ioannis G and Rowley, Clarence W},
    number = {6},
    month = {6},
    pages = {1307--1346},
    volume = {25},
    publisher = {Springer Science and Business Media LLC},
    url = {http://dx.doi.org/10.1007/s00332-015-9258-5},
    doi = {10.1007/s00332-015-9258-5},
    issn = {1432-1467}
}

@article{Kalman1960AProblems,
    title = {{A New Approach to Linear Filtering and Prediction Problems}},
    year = {1960},
    journal = {Transactions of the ASME–Journal of Basic Engineering},
    author = {Kalman, Rudolph Emil},
    number = {Series D},
    pages = {35--45},
    volume = {82}
}

@article{Crisan2002APractitioners,
    title = {{A survey of convergence results on particle filtering methods for practitioners}},
    year = {2002},
    journal = {IEEE Transactions on Signal Processing},
    author = {Crisan, Dan and Doucet, Arnaud},
    number = {3},
    volume = {50},
    doi = {10.1109/78.984773},
    issn = {1053587X}
}

@article{Tuo2016AProperties,
    title = {{A theoretical framework for calibration in computer models: Parametrization, estimation and convergence properties}},
    year = {2016},
    journal = {SIAM-ASA Journal on Uncertainty Quantification},
    author = {Tuo, Rui and Wu, C. F.Jeff},
    number = {1},
    volume = {4},
    doi = {10.1137/151005841},
    issn = {21662525}
}

@inproceedings{Budisic2009AnObservables,
    title = {{An approximate parametrization of the ergodic partition using time averaged observables}},
    year = {2009},
    booktitle = {Proceedings of the IEEE Conference on Decision and Control},
    author = {Budi{\v{s}}i{\'{c}}, Marko and Mezi{\'{c}}, Igor},
    doi = {10.1109/CDC.2009.5400512},
    issn = {25762370}
}

@article{Zhang2024AnLearning,
    title = {{An Introduction to Bilevel Optimization: Foundations and applications in signal processing and machine learning}},
    year = {2024},
    journal = {IEEE Signal Processing Magazine},
    author = {Zhang, Yihua and Khanduri, Prashant and Tsaknakis, Ioannis and Yao, Yuguang and Hong, Mingyi and Liu, Sijia},
    number = {1},
    month = {1},
    pages = {38--59},
    volume = {41},
    publisher = {Institute of Electrical and Electronics Engineers Inc.},
    doi = {10.1109/MSP.2024.3358284},
    issn = {15580792},
    arxivId = {2308.00788}
}

@article{Chopin2020AnCarlo,
    title = {{An introduction to sequential Monte Carlo}},
    year = {2020},
    journal = {Springer Series in Statistics},
    author = {Chopin, Nicolas and Papaspiliopoulos, Omiros}
}

@article{Kemp2003AnMethods,
    title = {{An Introduction to Sequential Monte Carlo Methods}},
    year = {2003},
    journal = {Journal of the Royal Statistical Society: Series D (The Statistician)},
    author = {Kemp, Freda},
    number = {4},
    volume = {52},
    doi = {10.1046/j.1467-9884.2003.t01-6-00383{\_}8.x},
    issn = {0039-0526}
}

@misc{Mezic2013AnalysisOperator,
    title = {{Analysis of fluid flows via spectral properties of the koopman operator}},
    year = {2013},
    booktitle = {Annual Review of Fluid Mechanics},
    author = {Mezi{\'{c}}, Igor},
    volume = {45},
    doi = {10.1146/annurev-fluid-011212-140652},
    issn = {00664189}
}

@article{NathanKutz2018AppliedSystems,
    title = {{Applied Koopman theory for partial differential equations and data-driven modeling of spatio-temporal systems}},
    year = {2018},
    journal = {Complexity},
    author = {Nathan Kutz, J. and Proctor, J. L. and Brunton, S. L.},
    volume = {2018},
    doi = {10.1155/2018/6010634},
    issn = {10990526}
}

@article{Budisic2012AppliedKoopmanism,
    title = {{Applied Koopmanism}},
    year = {2012},
    journal = {Chaos},
    author = {Budi{\v{s}}i{\'{c}}, Marko and Mohr, Ryan and Mezi{\'{c}}, Igor},
    number = {4},
    volume = {22},
    doi = {10.1063/1.4772195},
    issn = {10541500}
}

@article{Santin2016ApproximationSpaces,
    title = {{Approximation of eigenfunctions in kernel-based spaces}},
    year = {2016},
    journal = {Advances in Computational Mathematics},
    author = {Santin, G. and Schaback, R.},
    number = {4},
    volume = {42},
    doi = {10.1007/s10444-015-9449-5},
    issn = {15729044}
}

@article{Jiang2022CorrectingFilters,
    title = {{Correcting noisy dynamic mode decomposition with Kalman filters}},
    year = {2022},
    journal = {Journal of Computational Physics},
    author = {Jiang, Lijian and Liu, Ningxin},
    pages = {111175},
    volume = {461},
    url = {https://www.sciencedirect.com/science/article/pii/S0021999122002376},
    doi = {https://doi.org/10.1016/j.jcp.2022.111175},
    issn = {0021-9991},
    keywords = {Dynamic mode decomposition, Kalman filters, Observable noise, Process noise}
}

@article{Kaiser2021Data-drivenControl,
    title = {{Data-driven discovery of Koopman eigenfunctions for control}},
    year = {2021},
    journal = {Machine Learning: Science and Technology},
    author = {Kaiser, Eurika and Kutz, J. Nathan and Brunton, Steven L.},
    number = {3},
    volume = {2},
    doi = {10.1088/2632-2153/abf0f5},
    issn = {26322153}
}

@article{Lusch2018DeepDynamics,
    title = {{Deep learning for universal linear embeddings of nonlinear dynamics}},
    year = {2018},
    journal = {Nature Communications},
    author = {Lusch, Bethany and Kutz, J. Nathan and Brunton, Steven L.},
    number = {1},
    volume = {9},
    doi = {10.1038/s41467-018-07210-0},
    issn = {20411723}
}

@article{Lange2022DerivationCoefficients,
    title = {{Derivation of ensemble Kalman-Bucy filters with unbounded nonlinear coefficients}},
    year = {2022},
    journal = {Nonlinearity},
    author = {Lange, Theresa},
    number = {2},
    volume = {35},
    doi = {10.1088/1361-6544/ac4337},
    issn = {13616544}
}

@article{Fukumizu2004DimensionalitySpaces,
    title = {{Dimensionality reduction for supervised learning with reproducing kernel Hilbert spaces}},
    year = {2004},
    journal = {Journal of Machine Learning Research},
    author = {Fukumizu, Kenji and Bach, Francis R. and Jordan, Michael I.},
    volume = {5},
    issn = {15337928}
}

@article{Schmid2008DynamicData,
    title = {{Dynamic Mode Decomposition of numerical and experimental data}},
    year = {2008},
    journal = {APS Division of Fluid Dynamics Meeting Abstracts},
    author = {Schmid, Peter and Sesterhenn, Joern},
    month = {11},
    pages = {MR.007},
    series = {APS Meeting Abstracts},
    volume = {61}
}

@article{Koopman1932DynamicalSpectra,
    title = {{Dynamical Systems of Continuous Spectra}},
    year = {1932},
    journal = {Proceedings of the National Academy of Sciences},
    author = {Koopman, B. O. and Neumann, J. v.},
    number = {3},
    volume = {18},
    doi = {10.1073/pnas.18.3.255},
    issn = {0027-8424}
}

@article{Philipp2024ErrorOperator,
    title = {{Error bounds for kernel-based approximations of the Koopman operator}},
    year = {2024},
    journal = {Applied and Computational Harmonic Analysis},
    author = {Philipp, Friedrich M. and Schaller, Manuel and Worthmann, Karl and Peitz, Sebastian and N{\"{u}}ske, Feliks},
    month = {7},
    volume = {71},
    publisher = {Academic Press Inc.},
    doi = {10.1016/j.acha.2024.101657},
    issn = {1096603X},
    arxivId = {2301.08637},
    keywords = {Cross-covariance, Data-driven approximation, Ergodicity, Error bounds, Koopman operator, Reproducing kernel, Stochastic differential equation}
}

@article{Proctor2018GeneralizingControl,
    title = {{Generalizing koopman theory to allow for inputs and control}},
    year = {2018},
    journal = {SIAM Journal on Applied Dynamical Systems},
    author = {Proctor, Joshua L. and Brunton, Steven L. and Nathan Kutz, J.},
    number = {1},
    volume = {17},
    doi = {10.1137/16M1062296},
    issn = {15360040}
}

@article{Budisic2012GeometryFlows,
    title = {{Geometry of the ergodic quotient reveals coherent structures in flows}},
    year = {2012},
    journal = {Physica D: Nonlinear Phenomena},
    author = {Budi{\v{s}}i{\'{c}}, Marko and Mezi{\'{c}}, Igor},
    number = {15},
    volume = {241},
    doi = {10.1016/j.physd.2012.04.006},
    issn = {01672789}
}

@article{Koopman1931HamiltonianSpace,
    title = {{Hamiltonian Systems and Transformation in Hilbert Space}},
    year = {1931},
    journal = {Proceedings of the National Academy of Sciences},
    author = {Koopman, B. O.},
    number = {5},
    volume = {17},
    doi = {10.1073/pnas.17.5.315},
    issn = {0027-8424}
}

@inproceedings{Song2009HilbertSystems,
    title = {{Hilbert space embeddings of conditional distributions with applications to dynamical systems}},
    year = {2009},
    booktitle = {Proceedings of the 26th International Conference On Machine Learning, ICML 2009},
    author = {Song, Le and Huang, Jonathan and Smola, Alex and Fukumizu, Kenji}
}

@article{Wang2023Innovation-saturatedOutliers,
    title = {{Innovation-saturated Koopman Kalman filter for distribution system dynamic state estimation against measurement outliers}},
    year = {2023},
    journal = {Energy Reports},
    author = {Wang, Kai and Liu, Min and Man, Yanlu and Zuo, Chaowen and He, Wang},
    pages = {888--897},
    volume = {9},
    url = {https://www.sciencedirect.com/science/article/pii/S235248472300923X},
    doi = {https://doi.org/10.1016/j.egyr.2023.05.171},
    issn = {2352-4847},
    keywords = {Distribution system, Dynamic state estimation, Koopman operator theory, Measurement outlier, Robustness}
}

@article{Fukumizu2013KernelKernels,
    title = {{Kernel Bayes' rule: Bayesian inference with positive definite kernels}},
    year = {2013},
    journal = {Journal of Machine Learning Research},
    author = {Fukumizu, Kenji and Song, Le and Gretton, Arthur},
    volume = {14},
    issn = {15324435}
}

@misc{Song2013KernelModels,
    title = {{Kernel embeddings of conditional distributions: A unified kernel framework for nonparametric inference in graphical models}},
    year = {2013},
    booktitle = {IEEE Signal Processing Magazine},
    author = {Song, Le and Fukumizu, Kenji and Gretton, Arthur},
    number = {4},
    volume = {30},
    doi = {10.1109/MSP.2013.2252713},
    issn = {10535888}
}

@misc{Muandet2017KernelBeyond,
    title = {{Kernel mean embedding of distributions: A review and beyond}},
    year = {2017},
    booktitle = {Foundations and Trends in Machine Learning},
    author = {Muandet, Krikamol and Fukumizu, Kenji and Sriperumbudur, Bharath and Sch{\"{o}}lkopf, Bernhard},
    number = {1-2},
    volume = {10},
    doi = {10.1561/2200000060},
    issn = {19358245}
}

@article{Brunton2016KoopmanControl,
    title = {{Koopman invariant subspaces and finite linear representations of nonlinear dynamical systems for control}},
    year = {2016},
    journal = {PLoS ONE},
    author = {Brunton, Steven L. and Brunton, Bingni W. and Proctor, Joshua L. and Kutz, J. Nathan},
    number = {2},
    volume = {11},
    doi = {10.1371/journal.pone.0150171},
    issn = {19326203}
}

@article{Kohne2024L-errorDecomposition,
    title = {{L{\^{}}-error bounds for approximations of the Koopman operator by kernel extended dynamic mode decomposition}},
    year = {2024},
    author = {K{\"{o}}hne, Frederik and Philipp, Friedrich M and Schaller, Manuel and Schiela, Anton and Worthmann, Karl},
    month = {9},
    url = {http://arxiv.org/abs/2403.18809}
}

@article{Brunton2022ModernSystems,
    title = {{Modern Koopman Theory for Dynamical Systems}},
    year = {2022},
    journal = {SIAM Review},
    author = {Brunton, Steven L and Budi{\v{s}}i{\'{c}}, Marko and Kaiser, Eurika and Kutz, J Nathan},
    number = {2},
    pages = {229--340},
    volume = {64},
    url = {https://doi.org/10.1137/21M1401243},
    doi = {10.1137/21M1401243}
}

@book{Peters2015ModernModeling,
    title = {{Modern Methodology and Applications in Spatial-Temporal Modeling}},
    year = {2015},
    author = {Peters, Gareth William and Matsui, Tomoko},
    editor = {Peters, Gareth William and Matsui, Tomoko},
    publisher = {Springer Japan},
    address = {Tokyo},
    isbn = {978-4-431-55338-0},
    doi = {10.1007/978-4-431-55339-7}
}

@book{Setoodeh2022NonlinearApplications,
    title = {{Nonlinear filters: Theory and applications}},
    year = {2022},
    author = {Setoodeh, Peyman and Habibi, Saeid and Haykin, Simon},
    publisher = {Wiley}
}

@incollection{Fukumizu2015NonparametricEmbedding,
    title = {{Nonparametric Bayesian Inference with Kernel Mean Embedding}},
    year = {2015},
    author = {Fukumizu, Kenji},
    pages = {1--24},
    doi = {10.1007/978-4-431-55339-7{\_}1}
}

@article{Mezic2022OnOperator,
    title = {{On Numerical Approximations of the Koopman Operator}},
    year = {2022},
    journal = {Mathematics},
    author = {Mezi{\'{c}}, Igor},
    number = {7},
    volume = {10},
    doi = {10.3390/math10071180},
    issn = {22277390}
}

@phdthesis{Mollenhauer2021OnOperators,
    title = {{On the Statistical Approximation of Conditional Expectation Operators}},
    year = {2021},
    author = {Mollenhauer, Mattes},
    school = {Freie Universitaet Berlin},
    address = {Berlin}
}

@article{Mollenhauer2021OnOperatorsb,
    title = {{On the Statistical Approximation of Conditional Expectation Operators}},
    year = {2021},
    author = {Mollenhauer, Mattes},
    institution = {Freie Universitaet Berlin}
}

@inproceedings{Xiang2012OptimalMinimization,
    title = {{Optimal Exact Least Squares Rank Minimization}},
    year = {2012},
    author = {Xiang, Shuo and Zhu, Yunzhang and Shen, Xiaotong and Ye, Jieping},
    doi = {10.1145/2339530.2339609}
}

@article{Pinelis1994OptimumSpaces,
    title = {{Optimum Bounds for the Distributions of Martingales in Banach Spaces}},
    year = {1994},
    journal = {The Annals of Probability},
    author = {Pinelis, Iosif},
    number = {4},
    month = {10},
    volume = {22},
    doi = {10.1214/aop/1176988477},
    issn = {0091-1798}
}

@article{Pan2024PyKoopman:Operator,
    title = {{PyKoopman: A Python Package for Data-Driven Approximation of the Koopman Operator}},
    year = {2024},
    journal = {Journal of Open Source Software},
    author = {Pan, Shaowu and Kaiser, Eurika and de Silva, Brian M. and Kutz, J. Nathan and Brunton, Steven L.},
    number = {94},
    volume = {9},
    doi = {10.21105/joss.05881}
}

@book{Berlinet2004ReproducingStatistics,
    title = {{Reproducing Kernel Hilbert Spaces in Probability and Statistics}},
    year = {2004},
    author = {Berlinet, Alain and Thomas-Agnan, Christine},
    edition = {1},
    pages = {355, XXII},
    publisher = {Springer New York, NY},
    isbn = {978-1-4419-9096-9},
    doi = {10.1007/978-1-4419-9096-9}
}

@book{Wendland2004ScatteredApproximation,
    title = {{Scattered Data Approximation}},
    year = {2004},
    booktitle = {Scattered Data Approximation},
    author = {Wendland, Holger},
    doi = {10.1017/cbo9780511617539}
}

@misc{Wills2023SequentialReview,
    title = {{Sequential Monte Carlo: A Unified Review}},
    year = {2023},
    booktitle = {Annual Review of Control, Robotics, and Autonomous Systems},
    author = {Wills, Adrian G. and Sch{\"{o}}n, Thomas B.},
    volume = {6},
    doi = {10.1146/annurev-control-042920-015119},
    issn = {25735144}
}

@book{Adams2003SobolevSpaces,
    title = {{Sobolev Spaces}},
    year = {2003},
    author = {Adams, Robert A and Fournier, John J F},
    volume = {140, Pages 1-305}
}

@article{Mezic2020SpectrumGeometry,
    title = {{Spectrum of the Koopman Operator, Spectral Expansions in Functional Spaces, and State-Space Geometry}},
    year = {2020},
    journal = {Journal of Nonlinear Science},
    author = {Mezi{\'{c}}, Igor},
    number = {5},
    volume = {30},
    doi = {10.1007/s00332-019-09598-5},
    issn = {14321467}
}

@article{Takeishi2017SubspaceAnalysis,
    title = {{Subspace dynamic mode decomposition for stochastic Koopman analysis}},
    year = {2017},
    journal = {Physical Review E},
    author = {Takeishi, Naoya and Kawahara, Yoshinobu and Yairi, Takehisa},
    number = {3},
    month = {9},
    volume = {96},
    publisher = {American Physical Society (APS)},
    url = {http://dx.doi.org/10.1103/PhysRevE.96.033310},
    doi = {10.1103/physreve.96.033310},
    issn = {2470-0053}
}

@book{Christmann2008SupportMachines,
    title = {{Support Vector Machines}},
    year = {2008},
    author = {Christmann, Andreas and Steinwart, Ingo},
    publisher = {Springer New York},
    address = {New York, NY},
    isbn = {978-0-387-77241-7},
    doi = {10.1007/978-0-387-77242-4}
}

@article{Eckart1936TheRank,
    title = {{The approximation of one matrix by another of lower rank}},
    year = {1936},
    journal = {Psychometrika},
    author = {Eckart, Carl and Young, G Marion},
    pages = {211--218},
    volume = {1},
    url = {https://api.semanticscholar.org/CorpusID:10163399}
}

@article{Shaid1999TheFilter,
    title = {{The continuous kalman filter as the limit of the discrete Kalman filter}},
    year = {1999},
    journal = {Stochastic Analysis and Applications},
    author = {Shaid, Scott},
    number = {5},
    volume = {17},
    doi = {10.1080/07362999908809638},
    issn = {07362994}
}

@article{Aronszajn1950TheoryKernels,
    title = {{Theory of reproducing kernels}},
    year = {1950},
    journal = {Transactions of the American Mathematical Society},
    author = {Aronszajn, N.},
    number = {3},
    pages = {337--404},
    volume = {68},
    publisher = {American Mathematical Society (AMS)},
    doi = {10.1090/s0002-9947-1950-0051437-7},
    issn = {0002-9947}
}

@book{Saitoh2016TheoryApplications,
    title = {{Theory of Reproducing Kernels and Applications}},
    year = {2016},
    author = {Saitoh, Saburou and Sawano, Yoshihiro},
    edition = {1},
    pages = {452, XVIII},
    series = {Developments in Mathematics},
    volume = {Reproducing Kernels},
    publisher = {Springer Singapore},
    isbn = {978-981-10-0530-5},
    doi = {10.1007/978-981-10-0530-5},
    issn = {1389-2177}
}

@article{Kamb2020Time-delayApplications,
    title = {{Time-delay observables for koopman: Theory and applications}},
    year = {2020},
    journal = {SIAM Journal on Applied Dynamical Systems},
    author = {Kamb, Mason and Kaiser, Eurika and Brunton, Steven L. and Nathan Kutz, J.},
    number = {2},
    volume = {19},
    doi = {10.1137/18M1216572},
    issn = {15360040}
}

@article{Kelly2014Well-posednessTime,
    title = {{Well-posedness and accuracy of the ensemble Kalman filter in discrete and continuous time}},
    year = {2014},
    journal = {Nonlinearity},
    author = {Kelly, D. T.B. and Law, K. J.H. and Stuart, A. M.},
    number = {10},
    volume = {27},
    doi = {10.1088/0951-7715/27/10/2579},
    issn = {13616544}
}